@online{W3,
author = {W3C},
title = {Web Services Glossary : Web service},
year = {2004},
url = {https://www.w3.org/TR/2004/NOTE-ws-gloss-20040211/#webservice},
OPTdate = {11},
OPTmonth = {2},
OPTurldate = {2018},
}

@online{W3Road,
author = {George Scott},
title = {The Road to Web Services},
year = {2001},
url = {https://www.w3.org/2001/03/WSWS-popa/paper63},
OPTurldate = {2018},
}

@book{richardson2008restful,
  title={RESTful Web Services},
  author={Richardson, L. and Ruby, S.},
  isbn={9780596554606},
  url={https://books.google.dz/books?id=XUaErakHsoAC},
  year={2008},
  publisher={O'Reilly Media}
}


@online{Wikipedia,
author = {Wikipedia},
title = {Service Web},
year = {2017},
url = {https://wikipedia.org/wiki/Service_web},
OPTdate = {3},
OPTmonth = {4},
OPTurldate = {2018},
}


@online{refOC,
author = {Chabane Refes},
title = {Les services Web},
year = {2017},
url = {https://openclassrooms.com/courses/les-services-web},
month = {2},
}

@online{refTutorialPointsWS,
author = {},
title = {Web Services},
year = {2017},
url = {https://www.tutorialspoint.com/webservices/},
}


@online{refTutorialPointsSOAP,
author = {},
title = {SOAP},
month = {11},
year = {2017},
url = {https://www.tutorialspoint.com/webservices/},
}

@online{refTutorialPointsREST,
author = {},
title = {RESTful Web Services},
month = {11},
year = {2017},
url = {https://www.tutorialspoint.com/restful/},
}

@online{refRegles,
author = {Nicolas Hachet},
title = {L’architecture REST expliquée en 5 règles},
year = {2012},
url = {https://blog.nicolashachet.com/niveaux/confirme/larchitecture-rest-expliquee-en-5-regles/},
}


@online{refDisadvantages,
author = {Margaret Rouse},
title = {SOAP (Simple Object Access Protocol)},
month = {12},
year = {2014},
url = {http://searchmicroservices.techtarget.com/definition/SOAP-Simple-Object-Access-Protocol}
}
% Examples utiles 
https://www.sitepoint.com/developers-rest-api/


@online{refSOAPvsREST,
author = {Amine Benkirane},
title = {Architecture logicielle : Web services SOAP ou REST ?},
year = {2012},
url = {http://amine.benkirane.over-blog.com/2012/05/architecture-logicielle-soap-vs.-rest-web-services},
OPTlanguage = {Fr},
OPTurldate = {Fevrier 2018},
}

@online{refMVC,
author = {tutorialspoint},
title = {MVC Framework},
year = {2018},
url = {https://www.tutorialspoint.com/mvc_framework/mvc_framework_introduction.htm},
OPTlanguage = {en},
OPTdate = {•},
OPTmonth = {•},
OPTaddendum = {•},
OPTpubstate = {•},
OPTurldate = {30/04/2018},
}

http://amine.benkirane.over-blog.com/2012/05/architecture-logicielle-soap-vs.-rest-web-services
https://www.ibm.com/developerworks/library/ws-restful/index.html
http://www-igm.univ-mlv.fr/~dr/XPOSE2004/woollams/soap.html


http://liris.cnrs.fr/amille/enseignements/Ecole_Centrale/projets_2006/Compte%20rendu%20WebServices.pdf

https://www.lespetitescases.net/que-peut-on-faire-avec-un-web-services-y
http://www.lemagit.fr/definition/REST
http://webcache.googleusercontent.com/search?q=cache:http://www.croes.org/gerald/blog/qu-est-ce-que-rest/447/

https://blog.nicolashachet.com/niveaux/confirme/larchitecture-rest-expliquee-en-5-regles/
https://openclassrooms.com/courses/utilisez-des-api-rest-dans-vos-projets-web/pourquoi-rest

https://docs.oracle.com/javaee/6/tutorial/doc/gijqy.html
https://www.scriptol.fr/programmation/api.php
http://blog.pilotsystems.net/2012/septembre/les-api-rest